<?xml version="1.0" encoding="UTF-8"?><collection xmlns="http://www.loc.gov/MARC21/slim"><record><leader>00358nam--2200133-i-4500</leader><controlfield tag="001">000012980</controlfield><controlfield tag="002">20161230</controlfield><controlfield tag="005">20161230201030</controlfield><controlfield tag="008">060222s1000------------r-----000-0-eng-d</controlfield><datafield ind1=" " ind2=" " tag="080"><subfield code="a">54:002</subfield></datafield><datafield ind1=" " ind2=" " tag="100"><subfield code="a">Antony, Artur</subfield></datafield><datafield ind1=" " ind2=" " tag="245"><subfield code="a">Guide to basic information soiurces in chemis try</subfield></datafield><datafield ind1=" " ind2=" " tag="260"><subfield code="a">New York, John Wiley &amp; Sons, Inc., 1979 Vii + 219 P</subfield></datafield><datafield ind1=" " ind2=" " tag="852"><subfield code="a">46917</subfield></datafield></record></collection>